%% This BibTeX bibliography file was created using BibDesk.
%% http://bibdesk.sourceforge.net/


%% Created for Jan Kerkenhoff at 2014-11-22 17:09:23 +0100


%% Saved with string encoding Unicode (UTF-8)



@misc{worstpractise,
	Author = {{The Imperva Application Defense Center}},
	url= {http://www.imperva.com/docs/WP_Consumer_Password_Worst_Practices.pdf},
	Title = {Consumer Password Worst Practices},
	Year = {2014}}
	note = {[Online; accessed 22-November-2014]}

	@misc{wikipedia:kerberos:10,
		author = "Wikipedia",
		title = "Kerberos (protocol) --- Wikipedia{,} The Free Encyclopedia",
		year = "2010",
		url = "http://en.wikipedia.org/w/index.php?title=Kerberos_(protocol)&oldid=387752010",

	}

@misc{ wiki:truecrypt,
      author = "Wikipedia",
      title = "TrueCrypt --- Wikipedia{,} The Free Encyclopedia",
      year = "2014",
      url = "\url{http://en.wikipedia.org/w/index.php?title=TrueCrypt&oldid=635656091}",
      note = "[Online; accessed 30-November-2014]"
}

@misc{ truecrypt:sourceCode,
      author = "TrueCrypt Foundation",
      title = "TrueCrypt Source Code",
      year = "2014",
      url = "http://sourceforge.net/projects/truecrypt/files/TrueCrypt/Other/"
      note = "[Online; accessed 30-November-2014]"
}

@article{casey:11,
	Author = {Eoghan Caseya, Geoff Fellowsb, Matthew Geigerc, Gerasimos Stellatosd},
	Date-Added = {2014-11-22 15:16:18 +0000},
	Date-Modified = {2014-11-22 15:18:31 +0000},
	Journal = {Digital Investigation},
	Month = {November},
	Number = {2},
	Pages = {129-134},
	Title = {The growing impact of full disk encryption on digital forensics},
	Volume = {8},
	Year = {2011}}
